@article{Whang:1990ei,
author = {Whang, Kyu-Young and Vander Zanden, Brad T and Taylor, Howard M},
title = {{A Linear-Time Probabilistic Counting Algorithm for Database Applications.}},
journal = {ACM Trans. Database Syst.},
year = {1990},
volume = {15},
number = {2},
pages = {208--229}
}

@article{Durand:2003je,
author = {Durand, Marianne and Flajolet, Philippe},
title = {{Loglog Counting of Large Cardinalities (Extended Abstract).}},
journal = {ESA},
year = {2003},
volume = {2832},
number = {Chapter 55},
pages = {605--617}
}

@article{40671,
author = {Heule, Stefan and Nunkesser, Marc and Hall, Alexander},
title = {{HyperLogLog in practice - algorithmic engineering of a state of the art cardinality estimation algorithm.}},
journal = {EDBT},
year = {2013},
pages = {683}
}

@article{Flajolet:1985ixa,
author = {Flajolet, Philippe and Martin, G Nigel},
title = {{Probabilistic counting algorithms for data base applications}},
journal = {Journal of Computer and System Sciences},
year = {1985},
volume = {31},
number = {2},
pages = {182--209}
}

@article{Flajolet:2007um,
author = {Flajolet, Philippe and Fusy, Eric and Gandouet, Olivier and Meunier, Frederic},
title = {{Hyperloglog: The analysis of a near-optimal cardinality estimation algorithm}},
journal = {Conference on Analysis of Algorithms},
year = {2007}
}

